<?xml version="1.0" encoding="UTF-8"?><collection xmlns="http://www.loc.gov/MARC21/slim"><record><leader>00483nam--2200169-i-4500</leader><controlfield tag="001">000034183</controlfield><controlfield tag="002">20161230</controlfield><controlfield tag="005">20170206083536</controlfield><controlfield tag="008">060222s1000------------r-----000-0-eng-d</controlfield><datafield ind1=" " ind2=" " tag="040"><subfield code="a">IFIN-HH</subfield></datafield><datafield ind1=" " ind2=" " tag="080"><subfield code="a">537.311.33.621.315.592</subfield></datafield><datafield ind1="1" ind2=" " tag="100"><subfield code="a">Moss, Trevor Simpson</subfield></datafield><datafield ind1="1" ind2="0" tag="245"><subfield code="a">Photocoductivity in the elements</subfield><subfield code="c">Trevor Simpson Moss</subfield></datafield><datafield ind1=" " ind2=" " tag="260"><subfield code="a">London</subfield><subfield code="b">Butterworths Scientific Publications</subfield><subfield code="c">1952</subfield></datafield><datafield ind1=" " ind2=" " tag="300"><subfield code="a">X + 263P</subfield></datafield><datafield ind1=" " ind2=" " tag="852"><subfield code="a">10006</subfield><subfield code="c">537.311.33</subfield></datafield><datafield ind1=" " ind2=" " tag="CAT"><subfield code="a">SYS</subfield><subfield code="c">20170206</subfield><subfield code="h">083536</subfield></datafield></record></collection>